<?xml version="1.0" encoding="UTF-8"?><collection xmlns="http://www.loc.gov/MARC21/slim"><record><leader>00539nam--2200193-u-4500</leader><controlfield tag="001">000056468</controlfield><controlfield tag="002">20161230</controlfield><controlfield tag="005">20161230201052</controlfield><controlfield tag="008">151023s1000------------r-----000-0-rus-d</controlfield><datafield ind1=" " ind2=" " tag="040"><subfield code="a">IFIN-HH</subfield></datafield><datafield ind1=" " ind2=" " tag="041"><subfield code="a">rus</subfield></datafield><datafield ind1=" " ind2=" " tag="080"><subfield code="a">53</subfield></datafield><datafield ind1="1" ind2=" " tag="100"><subfield code="a">Brelot, Marcel</subfield></datafield><datafield ind1="1" ind2="0" tag="245"><subfield code="a">O topologiah i granitah v teorii potentiala</subfield><subfield code="c">Marcel brelot</subfield></datafield><datafield ind1=" " ind2=" " tag="260"><subfield code="a">Moskva</subfield><subfield code="b">Mir</subfield><subfield code="c">1974</subfield></datafield><datafield ind1=" " ind2=" " tag="300"><subfield code="a">224P</subfield></datafield><datafield ind1=" " ind2=" " tag="490"><subfield code="a">Bibliotka Sbornika Matematika</subfield></datafield><datafield ind1=" " ind2=" " tag="500"><subfield code="a">Titlul Original In Limba Engleza:On Topologies And Boundaires In Potential Theory</subfield></datafield><datafield ind1=" " ind2=" " tag="852"><subfield code="a">78642</subfield></datafield></record></collection>